@INPROCEEDINGS{MedRecWhitePaper,
author={A. Azaria and A. Ekblaw and T. Vieira and A. Lippman},
booktitle={2016 2nd International Conference on Open and Big Data (OBD)},
title={MedRec: Using Blockchain for Medical Data Access and Permission Management},
year={2016},
volume={},
number={},
pages={25-30},
keywords={Big Data;authorisation;data aggregation;data mining;data privacy;electronic health records;health care;information retrieval;meta data;records management;EMR handling;MedRec;Proof of Work;accountability;authentication;big data supply;blockchain technology;confidentiality;data aggregation;data anonymization;data economics;data science;data sharing;decentralized record management system;electronic medical records;healthcare;interoperability;local data storage;medical data access;medical information access;medical stakeholder incentivization;metadata;mining reward;network security;permission management;personalization;public health authorities;sensitive information handling;system adaptability;treatment sites;Contracts;Cryptography;Databases;History;Interoperability;Peer-to-peer computing;Prototypes;access control;cryptographic protocols;distributed information systems;electronic medical records},
doi={10.1109/OBD.2016.11},
ISSN={},
month={Aug},}
