@ONLINE {ZHIHU1,
	url = "https://www.zhihu.com/question/38915459"
}
@ONLINE{ZHIHU2,url=https://www.zhihu.com/question/38915459
}
@misc{GSReport,
Title={Report by Goldman Sachs}
}