@ONLINE {ZHIHU1,Title={ZhiHu1},
	url="https://www.zhihu.com/question/38915459"
}
@ONLINE{ZHIHU2,Title={ZhiHu2},url="https://www.zhihu.com/question/38915459"
}
@misc{GSReport,
Title={Report by Goldman Sachs}
}